@article{cohen-2016,
  author    = {Cyril Cohen and
               Thierry Coquand and
               Simon Huber and
               Anders M{\"{o}}rtberg},
  title     =
    { Cubical Type Theory:
      a constructive interpretation of the univalence axiom
    },
  journal   = {CoRR},
  volume    = {abs/1611.02108},
  year      = {2016},
  url       = {http://arxiv.org/abs/1611.02108},
  timestamp = {Thu, 01 Dec 2016 19:32:08 +0100},
  biburl    = {http://dblp.uni-trier.de/rec/bib/journals/corr/CohenCHM16},
  bibsource = {dblp computer science bibliography, http://dblp.org}
}
@book{hott-2013,
  author =    {The {Univalent Foundations Program}},
  title =     {Homotopy Type Theory: Univalent Foundations of Mathematics},
  publisher = {\url{https://homotopytypetheory.org/book}},
  address =   {Institute for Advanced Study},
  year =      2013
}
@book{awodey-2006,
  title={Category Theory},
  author={Awodey, S.},
  isbn={9780191513824},
  series={Oxford Logic Guides},
  url={https://books.google.se/books?id=IK\_sIDI2TCwC},
  year={2006},
  publisher={Ebsco Publishing}
}
@misc{cubical-demo,
  author = {Andrea Vezzosi},
  title = {Cubical Type Theory Demo},
  year = {2017},
  publisher = {GitHub},
  journal = {GitHub repository},
  howpublished = {\url{https://github.com/Saizan/cubical-demo}},
  commit = {a51d5654c439111110d5b6df3605b0043b10b753}
}